23700000         209652358000173000000000000870202200075890000000001238 CASAMIX - ELETRICA E HIDRAULICBANCO BRADESCO S.A                      10805201913225700000008406250                                                                     
23700011R01  042 2009652358000173000000000000870202200075890000000001238 CASAMIX - ELETRICA E HIDRAULIC                                                                                000000010805201900000000                                 
2370001300001P 010075890000000001238 0090000000000000002P1112200000003       0705201900000000003326300000 01N07052019207052019000000000000200000000000000000000000000000000000000000000000000000000                         20320  090000000000 
2370001300002Q 011000002780463988KAIQUE FRANCISCO NICOLAS FOGACA         Rua Opala 450                           Jardim Brasil  87083285Maringa        PR0000000000000000                                        000                            
2370001300003P 010075890000000001238 009000000000000000111112200000002       0705201900000000003326300000 01N07052019207052019000000000000200000000000000000000000000000000000000000000000000000000                         20320  090000000000 
2370001300004Q 011000012442490927SEVERINO THOMAS MOURA                   Avenida Julio Alves Machado 141 181     Centro         86940970Bom Sucesso    PR0000000000000000                                        000                            
2370001300005P 010075890000000001238 009000000000000000111112200000001       0606201900000000003326300000 01N07052019206062019000000000000200000000000000000000000000000000000000000000000000000000                         20320  090000000000 
2370001300006Q 011000050132929996MARCIO SERGIO ISAAC REZENDE             Avenida Julio Alves Machado 141 856     Centro         86940970Bom Sucesso    PR0000000000000000                                        000                            
23700015         00000800000000000000000099789000000000000000000000000000000000000000000000000000000000000000000000                                                                                                                             
23799999         000001000010000000                                                                                                                                                                                                             
