03300000        2031611499000105159300000755010                         MC ARACAJU SISTEMAS ELETRONICOBANCO SANTANDER                         103122019      000000040                                                                          
03300011R01  030 2031611499000105                    159300000755010     MC ARACAJU SISTEMAS ELETRONICO                                                                                0000000503122019                                         
0330001300001P 011593001300141950130014195  0000000000795511  00000013       1501202000000000025800000000 02N281120192150120200000000001000000000000000000000000000000000000000000000000000000000000000000                  000200000           
0330001300002Q 012017095397000145Condominio Residencial Clube Atalaia    Rua Francisco Rabelo Leite Neto 500     Atalaia        49037240Aracaju        SE0000000000000000                                        000000000000                   
0330001300003R 01000000000000000000000000                        200000000000000000000200                                                                                                                                                       
0330001300004P 011593001300141950130014195  0000000000787511  00000012       1502202000000000025800000000 02N281120192150220200000000001000000000000000000000000000000000000000000000000000000000000000000                  000200000           
0330001300005Q 012017095397000145Condominio Residencial Clube Atalaia    Rua Francisco Rabelo Leite Neto 500     Atalaia        49037240Aracaju        SE0000000000000000                                        000000000000                   
0330001300006R 01000000000000000000000000                        200000000000000000000200                                                                                                                                                       
0330001300007P 011593001300141950130014195  0000000000779511  00000011       1512201900000000025800000000 02N281120192151220190000000001000000000000000000000000000000000000000000000000000000000000000000                  000200000           
0330001300008Q 012017095397000145Condominio Residencial Clube Atalaia    Rua Francisco Rabelo Leite Neto 500     Atalaia        49037240Aracaju        SE0000000000000000                                        000000000000                   
0330001300009R 01000000000000000000000000                        200000000000000000000200                                                                                                                                                       
03300015         000011                                                                                                                                                                                                                         
03399999         000001000013                                                                                                                                                                                                                   
