03300000        2031611499000105159300000755010                         MC ARACAJU SISTEMAS ELETRONICOBANCO SANTANDER                         127112019      000000040                                                                          
03300011R01  030 2031611499000105                    159300000755010     MC ARACAJU SISTEMAS ELETRONICO                                                                                0000000327112019                                         
0330001300001P 011593001300141950130014195  0000000000760511  00000009       1612201900000000015500000000 02N261120192161220190000000001000000000000000000000000000000000000000000000000000000000000000000                  000200000           
0330001300002Q 012018853368000168Condominio residencial Recando dos CajueNossa Senhora do Socorro S/N            Nossa Sra. do S49160000Nossa Senhora dSE0000000000000000                                        000000000000                   
0330001300003R 01000000000000000000000000                        200000000000000000000200                                                                                                                                                       
03300015         000005                                                                                                                                                                                                                         
03399999         000001000007                                                                                                                                                                                                                   
