03300000        2031611499000105159300000755010                         MC ARACAJU SISTEMAS ELETRONICOBANCO SANTANDER                         111112019      000000040                                                                          
03300011R01  030 2031611499000105                    159300000755010     MC ARACAJU SISTEMAS ELETRONICO                                                                                0000000111112019                                         
0330001300001P 011593001300141950130014195  0000000000060511  00000006       2012201900000000046700000000 02N071120192201220190000000001000000000000000000000000000000000000000000000000000000000000000000                  000200000           
0330001300002Q 012030447256000102Rebecca Milstein Residence              Rua Euclides Gois 419                   Coroa do Meio  49035310Aracaju        SE0000000000000000                                        000000000000                   
0330001300003R 01000000000000000000000000                        200000000000000000000200                                                                                                                                                       
0330001300004P 011593001300141950130014195  0000000000051511  00000005       2012201900000000040200000000 02N071120192201220190000000001000000000000000000000000000000000000000000000000000000000000000000                  000200000           
0330001300005Q 012026953699000106Edificio Farol Residence                Rua Vicente Rodrigues 199               Farolandia     49032160Aracaju        SE0000000000000000                                        000000000000                   
0330001300006R 01000000000000000000000000                        200000000000000000000200                                                                                                                                                       
0330001300007P 011593001300141950130014195  0000000000043511  00000004       2012201900000000030000000000 02N071120192201220190000000001000000000000000000000000000000000000000000000000000000000000000000                  000200000           
0330001300008Q 012008997890000160Condominio do Edificio Mansao Du TriomphAvenida Deputado Pedro Valadares 600    Jardins        49025090Aracaju        SE0000000000000000                                        000000000000                   
0330001300009R 01000000000000000000000000                        200000000000000000000200                                                                                                                                                       
0330001300010P 011593001300141950130014195  0000000000035511  00000003       2012201900000000050000000000 02N071120192201220190000000001000000000000000000000000000000000000000000000000000000000000000000                  000200000           
0330001300011Q 012019296312000112Condominio Residencial Arte Nova        Rua Construtor Orlando Silva S/N        Nossa Sra. do S49160000Nossa Senhora dSE0000000000000000                                        000000000000                   
0330001300012R 01000000000000000000000000                        200000000000000000000200                                                                                                                                                       
0330001300013P 011593001300141950130014195  0000000000027511  00000002       2012201900000000081450000000 02N071120192201220190000000001000000000000000000000000000000000000000000000000000000000000000000                  000200000           
0330001300014Q 012022824367000162Bossa Nova Condominio Clube             Rua Nourival da Silva 201               Rua Nourival da49095815Aracaju        SE0000000000000000                                        000000000000                   
0330001300015R 01000000000000000000000000                        200000000000000000000200                                                                                                                                                       
0330001300016P 011593001300141950130014195  0000000000019511  00000001       1212201900000000066770000000 02N071120192121220190000000001000000000000000000000000000000000000000000000000000000000000000000                  000200000           
0330001300017Q 012017095397000145Condominio Residencial Clube Atalaia    Rua Francisco Rabelo Leite Neto 500     Atalaia        49037240Aracaju        SE0000000000000000                                        000000000000                   
0330001300018R 01000000000000000000000000                        200000000000000000000200                                                                                                                                                       
03300015         000020                                                                                                                                                                                                                         
03399999         000001000022                                                                                                                                                                                                                   
