23700000         209652358000173000000000000870202200075890000000001238 CASAMIX - ELETRICA E HIDRAULICBANCO BRADESCO S.A                      10805201913595500000008406250                                                                     
23700011R01  042 2009652358000173000000000000870202200075890000000001238 CASAMIX - ELETRICA E HIDRAULIC                                                                                000000020805201900000000                                 
2370001300001P 010075890000000001238 009000000000000000381112200000004       0805201900000000003326300000 01N08052019208052019000000000000200000000000000000000000000000000000000000000000000000000                         20320  090000000000 
2370001300002Q 011000012442490927SEVERINO THOMAS MOURA                   Avenida Julio Alves Machado 141 181     Centro         86940970Bom Sucesso    PR0000000000000000                                        000                            
23700015         00000400000000000000000033263000000000000000000000000000000000000000000000000000000000000000000000                                                                                                                             
23799999         000001000006000000                                                                                                                                                                                                             
